<record><leader>00000cas a22000001a 4500</leader><controlfield tag="001">32783141</controlfield><controlfield tag="007">hd afu---baca</controlfield><controlfield tag="007">hd bfu---baaa</controlfield><controlfield tag="008">950708d190119uuiluwr nea     0    0yid c</controlfield><datafield ind1=" " ind2=" " tag="010"><subfield code="a">sn 94093058 </subfield></datafield><datafield ind1=" " ind2=" " tag="040"><subfield code="a">NN</subfield><subfield code="b">eng</subfield><subfield code="c">RQM</subfield><subfield code="d">OCLCQ</subfield><subfield code="d">OCLCF</subfield><subfield code="d">OCLCO</subfield></datafield><datafield ind1=" " ind2=" " tag="066"><subfield code="c">(2</subfield></datafield><datafield ind1=" " ind2=" " tag="012"><subfield code="i">9507</subfield></datafield><datafield ind1="1" ind2=" " tag="029"><subfield code="a">AU@</subfield><subfield code="b">000011785452</subfield></datafield><datafield ind1=" " ind2=" " tag="042"><subfield code="a">pcc</subfield></datafield><datafield ind1=" " ind2=" " tag="043"><subfield code="a">n-us-il</subfield></datafield><datafield ind1="0" ind2="4" tag="245"><subfield code="6">880-01</subfield><subfield code="a">Der T&#803;eglikher Yidisher k&#803;ol</subfield><subfield code="h">[microform].</subfield></datafield><datafield ind1="3" ind2="0" tag="246"><subfield code="a">Sunday Jewish call</subfield></datafield><datafield ind1="3" ind2="1" tag="246"><subfield code="a">Daily Jewish call</subfield></datafield><datafield ind1="1" ind2="7" tag="246"><subfield code="6">880-02</subfield><subfield code="a">Jewish call</subfield></datafield><datafield ind1=" " ind2=" " tag="260"><subfield code="a">[Chicago, Ill.] :</subfield><subfield code="b">Jewish Call Pub. Ass'n.,</subfield><subfield code="c">1901-</subfield></datafield><datafield ind1=" " ind2=" " tag="300"><subfield code="a">v.</subfield></datafield><datafield ind1=" " ind2=" " tag="310"><subfield code="a">Weekly</subfield></datafield><datafield ind1="0" ind2=" " tag="362"><subfield code="a">Vol. 1, no. 1 (Feb. 10, 1901)-</subfield></datafield><datafield ind1=" " ind2=" " tag="500"><subfield code="a">Sunday edition has a distinct title in English: Sunday Jewish call.</subfield></datafield><datafield ind1=" " ind2=" " tag="500"><subfield code="a">Daily edition has a parallel title: The Daily Jewish call.</subfield></datafield><datafield ind1=" " ind2=" " tag="500"><subfield code="a">Editor: Leon Zolotkoff.</subfield></datafield><datafield ind1=" " ind2=" " tag="515"><subfield code="a">Beginning with May 5, 1901 issue Sunday edition has separate volume and issue numbering.</subfield></datafield><datafield ind1=" " ind2=" " tag="546"><subfield code="a">In Yiddish.</subfield></datafield><datafield ind1=" " ind2=" " tag="533"><subfield code="a">Microfilm.</subfield><subfield code="m">Feb. 10-June 18/19,1901.</subfield><subfield code="b">New York :</subfield><subfield code="c">New York Public Library,</subfield><subfield code="d">[19--].</subfield><subfield code="e">microfilm reels ; 35 mm.</subfield></datafield><datafield ind1=" " ind2="0" tag="650"><subfield code="a">Jewish newspapers</subfield><subfield code="z">Illinois.</subfield></datafield><datafield ind1=" " ind2="4" tag="651"><subfield code="a">Chicago (Ill.)</subfield><subfield code="v">Newspapers.</subfield></datafield><datafield ind1=" " ind2="7" tag="650"><subfield code="a">Jewish newspapers.</subfield><subfield code="2">fast</subfield><subfield code="0">(OCoLC)fst00982872</subfield></datafield><datafield ind1=" " ind2="7" tag="651"><subfield code="a">Illinois.</subfield><subfield code="2">fast</subfield><subfield code="0">(OCoLC)fst01205143</subfield></datafield><datafield ind1=" " ind2=" " tag="752"><subfield code="a">United States</subfield><subfield code="b">Illinois</subfield><subfield code="c">Cook</subfield><subfield code="d">Chicago.</subfield></datafield><datafield ind1="1" ind2=" " tag="776"><subfield code="c">Original</subfield><subfield code="w">(DLC)sn 93062922</subfield></datafield><datafield ind1=" " ind2=" " tag="850"><subfield code="a">NN</subfield><subfield code="a">NN (master)</subfield></datafield><datafield ind1="0" ind2="4" tag="880"><subfield code="6">245-01/(2/r</subfield><subfield code="a">&#1491;&#1506;&#1512; &#1496;&#1488;&#1490;&#1500;&#1497;&#1499;&#1506;&#1512; &#1497;&#1497;&#1491;&#1497;&#1513;&#1506;&#1512; &#1511;&#1493;&#1500;</subfield><subfield code="h">[microform].</subfield></datafield><datafield ind1="3" ind2=" " tag="880"><subfield code="6">246-02/(2/r</subfield><subfield code="a">&#1496;&#1506;&#1490;&#1500;&#1497;&#1499;&#1506;&#1512; &#1497;&#1497;&#1491;&#1497;&#1513;&#1506;&#1512; &#1511;&#1493;&#1500;</subfield></datafield></record>